<collection xmlns="http://www.loc.gov/MARC21/slim"><record><leader>00750nam  2200229   450</leader><controlfield tag="001">671</controlfield><controlfield tag="003">http://montalegre.opacnet.com/OPAC/default.aspx?ContentAreaControl=ShowRegHoldings.ascx&amp;RegNo=16662</controlfield><controlfield tag="005">20</controlfield><controlfield tag="009">  </controlfield><datafield tag="021" ind1=" " ind2=" "><subfield code="a">PT</subfield><subfield code="b">10681/85</subfield></datafield><datafield tag="100" ind1=" " ind2=" "><subfield code="a">19861001d1986    m  y0pory010305  ba</subfield></datafield><datafield tag="101" ind1="0" ind2=" "><subfield code="a">por</subfield></datafield><datafield tag="102" ind1=" " ind2=" "><subfield code="a">PT</subfield></datafield><datafield tag="200" ind1="1" ind2=" "><subfield code="a">&lt;Os &gt;segredos do subterrâneo</subfield><subfield code="f">Arsénio Mota</subfield></datafield><datafield tag="210" ind1=" " ind2=" "><subfield code="a">Lisboa</subfield><subfield code="c">Um de Outubro</subfield><subfield code="d">1986</subfield></datafield><datafield tag="215" ind1=" " ind2=" "><subfield code="a">77, [2] p.</subfield><subfield code="c">il.</subfield><subfield code="d">21 cm</subfield></datafield><datafield tag="300" ind1=" " ind2=" "><subfield code="a">Prémio literário Ano Internacional da Juventude</subfield></datafield><datafield tag="675" ind1=" " ind2=" "><subfield code="a">821.134.3-32</subfield><subfield code="z">por</subfield></datafield><datafield tag="700" ind1=" " ind2="1"><subfield code="a">Mota</subfield><subfield code="b">Arsénio</subfield><subfield code="f">1930-</subfield></datafield><datafield tag="801" ind1=" " ind2="0"><subfield code="a">PT</subfield><subfield code="b">Biblioteca Municipal de Montalegre</subfield><subfield code="g">RPC</subfield></datafield><datafield tag="856" ind1=" " ind2=" "><subfield code="u">locateMedia.asp?cod=20060524141413&amp;ext=jpg</subfield><subfield code="z">CAPA</subfield></datafield><datafield tag="909" ind1="&#9;" ind2=" "><subfield code="a">2</subfield></datafield><datafield tag="966" ind1=" " ind2=" "><subfield code="a">0001524</subfield><subfield code="l">BMM</subfield><subfield code="s">SJ 821.134.3 MOT seg</subfield></datafield><datafield tag="966" ind1=" " ind2=" "><subfield code="a">0001523</subfield><subfield code="l">BMM</subfield><subfield code="s">SJ 821.134.3 MOT seg</subfield></datafield></record></collection>